<record><leader>00000cas a22000007a 4500</leader><controlfield tag="001">17858384</controlfield><controlfield tag="008">880427d18681869utudn ne      0    0eng d</controlfield><datafield ind1=" " ind2=" " tag="010"><subfield code="a">sn 88071035 </subfield></datafield><datafield ind1=" " ind2=" " tag="040"><subfield code="a">NJW</subfield><subfield code="b">eng</subfield><subfield code="c">NJW</subfield><subfield code="d">CNK</subfield><subfield code="d">OCLCQ</subfield></datafield><datafield ind1=" " ind2=" " tag="042"><subfield code="a">msc</subfield></datafield><datafield ind1="0" ind2="0" tag="245"><subfield code="a">Salt Lake daily reporter.</subfield></datafield><datafield ind1=" " ind2=" " tag="260"><subfield code="a">Salt Lake City, U.T. [Utah] :</subfield><subfield code="b">S.S. Saul,</subfield><subfield code="c">1868-</subfield></datafield><datafield ind1=" " ind2=" " tag="300"><subfield code="a">v.</subfield></datafield><datafield ind1=" " ind2=" " tag="310"><subfield code="a">Daily (except Mon.)</subfield></datafield><datafield ind1="0" ind2=" " tag="362"><subfield code="a">Vol. 1, no. 1 (May 11, 1868)-v. 2, no. 128 (Apr. 10, 1869).</subfield></datafield><datafield ind1=" " ind2=" " tag="752"><subfield code="a">United States</subfield><subfield code="b">Utah</subfield><subfield code="c">Salt Lake</subfield><subfield code="d">Salt Lake City.</subfield></datafield><datafield ind1="0" ind2="0" tag="785"><subfield code="t">Utah daily reporter</subfield><subfield code="w">(DLC)sn 93052232</subfield></datafield></record>